

@book{attentionMerchants,
author = {Tim Wu},
title = {The Attention Merchants: The Epic Scramble to Get Inside Our heads},
address = {NY},
year = {2016},
}

